@book{knapp,
  title={Lie Groups Beyond an Introduction},
  author={Knapp, A.W.},
  isbn={9780817642594},
  lccn={2002074350},
  series={Progress in Mathematics},
  url={https://books.google.com/books?id=U573NrppkA8C},
  year={2002},
  publisher={Birkh{\"a}user Boston}
}

@book{hall,
  title={Lie Groups, Lie Algebras, and Representations: An Elementary Introduction},
  author={Hall, B.},
  isbn={9780387401225},
  lccn={03054237},
  series={Graduate Texts in Mathematics},
  url={https://books.google.com/books?id=m1VQi8HmEwcC},
  year={2003},
  publisher={Springer}
}

@misc{milneLAG,
author={Milne, James S.},
title={Lie Algebras, Algebraic Groups, and Lie Groups},
year={2013},
note={Available at www.jmilne.org/math/}
}

@book{fulton-harris,
  title={Representation Theory: A First Course},
  author={Fulton, W. and Harris, J.},
  isbn={9780387974958},
  lccn={96165313},
  series={Graduate Texts in Mathematics},
  url={https://books.google.com/books?id=6GUH8ARxhp8C},
  year={1991},
  publisher={Springer New York}
}
