@book{book:wheeden-zygmund,
  title={Measure and Integral: An Introduction to Real Analysis},
  author={Wheeden, R. and Wheeden, R.L. and Zygmund, A.},
  isbn={9780824764999},
  lccn={77014167},
  series={Chapman \& Hall/CRC Pure and Applied Mathematics},
  url={https://books.google.com/books?id=YDkDmQ\_hdmcC},
  year={1977},
  publisher={Taylor \& Francis}
}

@book{book:royden
  title={Real Analysis},
  author={Royden, H.L. and Fitzpatrick, P.},
  isbn={9780131437470},
  lccn={2009048692},
  series={Featured Titles for Real Analysis Series},
  url={https://books.google.com/books?id=0Y5fAAAACAAJ},
  year={2010},
  publisher={Prentice Hall}
}

