%% PDEs
@book{evans,
  title={Partial Differential Equations},
  author={Evans, L.C.},
  isbn={9780821849743},
  lccn={2009044716},
  series={Graduate studies in mathematics},
  url={https://books.google.com/books?id=Xnu0o\_EJrCQC},
  year={2010},
  publisher={American Mathematical Society}
}

@book{strauss,
  title={Partial Differential Equations: An Introduction},
  author={Strauss, W.A.},
  isbn={9780471548683},
  lccn={lc91043999},
  url={https://books.google.com/books?id=5--vQgAACAAJ},
  year={1992},
  publisher={Wiley}
}
