%% PDEs
@book{evans,
  title={Partial Differential Equations},
  author={Evans, L.C.},
  isbn={9780821849743},
  lccn={2009044716},
  series={Graduate studies in mathematics},
  url={https://books.google.com/books?id=Xnu0o\_EJrCQC},
  year={2010},
  publisher={American Mathematical Society}
}

@book{john,
  title={Partial Differential Equations},
  author={John, F.},
  isbn={9780387906096},
  lccn={81016636},
  series={Applied Mathematical Sciences},
  url={https://books.google.com/books?id=cBib\_bsGGLYC},
  year={1991},
  publisher={Springer New York}
}
