@book{herstein,
  title={Topics in algebra},
  author={Herstein, I.N.\@},
  lccn={74082577},
  url={https://books.google.com/books?id=lgfvAAAAMAAJ},
  year={1975},
  publisher={Xerox College Pub.}
}

@book{dummit-foote,
  title={Abstract Algebra},
  author={Dummit, D.S.\@ and Foote, R.M.\@},
  isbn={9780471433347},
  lccn={2003057652},
  url={https://books.google.com/books?id=KIGbCgAAQBAJ},
  year={2004},
  publisher={Wiley}
}

@book{hungerford,
  title={Algebra},
  author={Hungerford, T.W.\@},
  isbn=9780387905181,
  lccn=96214823,
  series={Graduate Texts in Mathematics},
  url={https://books.google.com/books?id=t6N\_tOQhafoC},
  year=2003,
  publisher={Springer New York}
}

@misc{milneFT,
author={Milne, James S.},
title={Fields and Galois Theory (v4.50)},
year={2014},
note={Available at \url{www.jmilne.org/math/}},
pages={138}
}

@misc{milneGT,
author={Milne, James S.},
title={Group Theory (v3.13)},
year={2013},
note={Available at \url{www.jmilne.org/math/}},
pages={135}
}
