@book{munkres,
  title={Topology},
  author={Munkres, J.R.\@},
  isbn={9780131816299},
  lccn={99052942},
  series={Featured Titles for Topology Series},
  url={https://books.google.com/books?id=XjoZAQAAIAAJ},
  year={2000},
  publisher={Prentice Hall, Incorporated}
}

@book{wheeden-zygmund,
  title={Measure and Integral: An Introduction to Real Analysis},
  author={Wheeden, R.\@ and Zygmund, A.\@},
  isbn=9780824764999,
  lccn=77014167,
  series={Chapman \& Hall/CRC Pure and Applied Mathematics},
  url={https://books.google.com/books?id=YDkDmQ\_hdmcC},
  year=1977,
  publisher={Taylor \& Francis}
}

@book{royden,
  title={Real Analysis},
  author={Royden, H.L.\@ and Fitzpatrick, P.\@},
  isbn={9780131437470},
  lccn={2009048692},
  series={Featured Titles for Real Analysis Series},
  url={https://books.google.com/books?id=0Y5fAAAACAAJ},
  year={2010},
  publisher={Prentice Hall}
}

@book{folland,
  title={Real analysis: modern techniques and their applications},
  author={Folland, G.B.\@},
  isbn={9780471809586},
  lccn={lc84010435},
  series={Pure and applied mathematics},
  url={https://books.google.com/books?id=AnIPAQAAMAAJ},
  year={1984},
  publisher={Wiley}
}

@book{rudin-1,
  title={Principles of Mathematical Analysis},
  author={Rudin, W.},
  isbn={9780070856134},
  lccn={75179033},
  series={International series in pure and applied mathematics},
  url={https://books.google.com/books?id=kwqzPAAACAAJ},
  year={1976},
  publisher={McGraw-Hill}
}

@book{rudin-2,
  title={Real and complex analysis},
  author={Rudin, W.\@},
  isbn=9780070542341,
  lccn=86000007,
  series={Mathematics series},
  url={https://books.google.com/books?id=Z\_fuAAAAMAAJ},
  year=1987,
  publisher={McGraw-Hill}
}

@book{herstein,
  title={Topics in algebra},
  author={Herstein, I.N.\@},
  lccn={74082577},
  url={https://books.google.com/books?id=lgfvAAAAMAAJ},
  year={1975},
  publisher={Xerox College Pub.}
}

@book{dummit-foote,
  title={Abstract Algebra},
  author={Dummit, D.S.\@ and Foote, R.M.\@},
  isbn={9780471433347},
  lccn={2003057652},
  url={https://books.google.com/books?id=KIGbCgAAQBAJ},
  year={2004},
  publisher={Wiley}
}

@book{hungerford,
  title={Algebra},
  author={Hungerford, T.W.\@},
  isbn=9780387905181,
  lccn=96214823,
  series={Graduate Texts in Mathematics},
  url={https://books.google.com/books?id=t6N\_tOQhafoC},
  year=2003,
  publisher={Springer New York}
}
