@book{herstein:topics-in-algebra,
  title={Topics in algebra},
  author={Herstein, I.N.},
  lccn={74082577},
  url={https://books.google.com/books?id=lgfvAAAAMAAJ},
  year={1975},
  publisher={Xerox College Pub.}
}

@book{dummit-foote:abstract-algebra,
  title={Abstract Algebra},
  author={Dummit, D.S. and Foote, R.M.},
  isbn={9780471433347},
  lccn={2003057652},
  url={https://books.google.com/books?id=KIGbCgAAQBAJ},
  year={2004},
  publisher={Wiley}
}

@book{hungerford:algebra,
  title={Algebra},
  author={Hungerford, T.W.},
  isbn={9780387905181},
  lccn={96214823},
  series={Graduate Texts in Mathematics},
  url={https://books.google.com/books?id=t6N\_tOQhafoC},
  year={2003},
  publisher={Springer New York}
}
