%l% Probability
@book{feller,
  title={An introduction to probability theory and its applications},
  author={Feller, W.},
  number={v. 1},
  lccn={lc50008529},
  series={Wiley mathematical statistics series},
  url={https://books.google.com/books?id=\_DNMAAAAMAAJ},
  year={1950},
  publisher={Wiley}
}

@book{dasgupta,
  title={Fundamentals of Probability: A First Course},
  author={DasGupta, A.},
  isbn={9781441957801},
  lccn={2010924739},
  series={Springer Texts in Statistics},
  url={https://books.google.com/books?id=uTtDAAAAQBAJ},
  year={2010},
  publisher={Springer New York}
}
