%% Topology
@book{hatcher,
  title={Algebraic Topology},
  author={Hatcher, A.},
  isbn={9780521795401},
  lccn={00065166},
  url={https://books.google.com/books?id=BjKs86kosqgC},
  year={2002},
  publisher={Cambridge University Press}
}

@book{bott-tu,
  title={Differential Forms in Algebraic Topology},
  author={Bott, R. and Tu, L.W.},
  isbn={9781475739510},
  lccn={81009172},
  series={Graduate Texts in Mathematics},
  url={https://books.google.com/books?id=COuPBAAAQBAJ},
  year={2013},
  publisher={Springer New York}
}

%% Algebraic Geometry
@misc{vakil,
  title={Math 216: Foundations of Algebraic Geometry},
  author={Vakil, R.},
  year={2016},
  url={https://math216.wordpress.com/},
  urldate={2016-09-01}
}


%% Classical Mechanics
@Comment @book{arnold,
@Comment   title={Mathematical Methods of Classical Mechanics},
@Comment   author={Arnold, V.I. and Vogtmann, K. and Weinstein, A.},
@Comment   isbn={9781475716931},
@Comment   series={Graduate Texts in Mathematics},
@Comment   url={https://books.google.com/books?id=UOQlBQAAQBAJ},
@Comment   year={2013},
@Comment   publisher={Springer New York}
@Comment }

%% PDEs
@book{evans,
  title={Partial Differential Equations},
  author={Evans, L.C.},
  isbn={9780821849743},
  lccn={2009044716},
  series={Graduate studies in mathematics},
  url={https://books.google.com/books?id=Xnu0o\_EJrCQC},
  year={2010},
  publisher={American Mathematical Society}
}

@book{strauss,
  title={Partial Differential Equations: An Introduction},
  author={Strauss, W.A.},
  isbn={9780471548683},
  lccn={lc91043999},
  url={https://books.google.com/books?id=5--vQgAACAAJ},
  year={1992},
  publisher={Wiley}
}

%% Probability
@book{feller,
  title={An introduction to probability theory and its applications},
  author={Feller, W.},
  number={v. 1},
  lccn={lc50008529},
  series={Wiley mathematical statistics series},
  url={https://books.google.com/books?id=\_DNMAAAAMAAJ},
  year={1950},
  publisher={Wiley}
}

@book{dasgupta,
  title={Fundamentals of Probability: A First Course},
  author={DasGupta, A.},
  isbn={9781441957801},
  lccn={2010924739},
  series={Springer Texts in Statistics},
  url={https://books.google.com/books?id=uTtDAAAAQBAJ},
  year={2010},
  publisher={Springer New York}
}
