@book{munkres,
  title={Topology},
  author={Munkres, J.R.\@},
  isbn={9780131816299},
  lccn={99052942},
  series={Featured Titles for Topology Series},
  url={https://books.google.com/books?id=XjoZAQAAIAAJ},
  year={2000},
  publisher={Prentice Hall, Incorporated}
}
